@Manual{dask,
    title = {Dask: Library for dynamic task scheduling},
    author = {{Dask Development Team}},
    year = {2016},
    url = {https://dask.org},
}

@Misc{geomorph,
    title = {Geomorph: Software for geometric morphometric analyses. R package version 4.0.4},
    author = {D.C. Adams and M.L. Collyer and A. Kaliontzopoulou and E.K. Baken},
    year = {2022},
    url = { https://cran.r-project.org/package=geomorph},
}

@Manual{r,
    title = {R: A Language and Environment for Statistical Computing},
    author = {{R Core Team}},
    organization = {R Foundation for Statistical Computing},
    address = {Vienna, Austria},
    year = {2018},
    url = {https://www.R-project.org/},
}

@Misc{rrpp,
    title = {{RRPP}: Linear Model Evaluation with Randomized Residuals in a Permutation Procedure, R package version 0.6.2.},
    author = {M. L. Collyer and D. C. Adams},
    year = {2021},
    url = {https://cran.r-project.org/package=RRPP},
}

@Manual{rstudio,
    title = {RStudio: Integrated Development Environment for R},
    author = {{RStudio Team}},
    organization = {RStudio, PBC.},
    address = {Boston, MA},
    year = {2022},
    url = {https://www.rstudio.com/},
}
